
@unpublished{Mireles,
  author={J.D Mireles James},
  title={Elementary Example of the Parametrization Method; Stable and Unstable Manifolds of the Standar Map},
  pages={48},
  url={http://cosweb1.fau.edu/~jmirelesjames/standardMapNotes.pdf},
  year={2007}
}

@unpublished{Mireles2,
  author={Jan Bouwe van den Berg and J.D. Mireles James and Christian Reinhardt},
  title={Computing (un)stable manifolds with validated error bounds: non-resonant and resonant spectra},
  pages={40},
  url={http://cosweb1.fau.edu/~jmirelesjames/parametrization_draft9.pdf},
  year={2015}
}

@book{Haro,
   title =     {The parameterization Method for Invariant Manifolds},
   author =    {Á. Haro and M. Canadell and J. Figueras and A. Luque and J. Mondelo},
   publisher = {Springer},
   isbn =      {978-3-319-29660-9},
   year =      {2010},
   series =    {Applied Mathematical Sciences },
   edition =   {1},
   volume =    {195}
  
}

@book{Meyer,
   title =     {Introduction to Hamiltonian Dynamical Systems and the N-Body Poblem},
   author =    {Kenneth R. Meyerb and  Glen R. Hall and Dan Offin },
   publisher = {Springer},
   isbn =      {978-0-387-09723-7},
   year =      {2009},
   series =    {Applied Mathematical Sciences},
   edition =   {2nd},
   volume =    {90}
}


@book{gerald,
   title =     {Ordinary Differential Equations and Dynamical Systems},
   author =    {Gerald Teschl},
   publisher = {American Mathematical Society Providence, Rhode Island },
   isbn =      {},
   year =      {2011},
   series =    {Graduate Studies in Mathematics},
   edition =   {1},
   volume =    {}
   }
   
@book{Meiss,
   title =     {Differential Dynamical Systems},
   author =    {James D. Meiss},
   publisher = {Society for Industrial and Applied Mathematics ,Philadelphia },
   isbn =      {978-0-898716-35-1},
   year =      {2007},
   series =    {Mathematical modeling and computation},
   edition =   {1},
   volume =    {14}
   }
   
@article{Chang,
  title={Ratio-Like and Recurrence Relation Tests for Convergence of Series},
  author={Y.F. Chang and G. Corliss},
  journal={J. Inst. Maths Applies},
  volume={25},
  year={1980},
  pages={349-359}
}

@article{Juergen,
  title={On the Hartman-Grobman theorem for maps},
  author={Juergen Quandt},
  journal={Journal of differential equations},
  volume={64},
  year={1986},
  pages={154-164}
}
@article{Jung,
  title={Scaling properties of a scattering system with an incomplete horseshoe},
  author={B. Rückerl and C. Jung},
  journal={J. Phys A: Math.},
  volume={27},
  year={1994},
  pages={55-77}
}
@article{Jung2,
  title={Hierarchical structure in the chaotic scattering off a magnetic dipole},
  author={B. Rückerl and C. Jung},
  journal={J. Phys A: Math.},
  volume={27},
  year={1994},
  pages={6741-6758}
}
@article{Seligman,
  title={The Inverse Scattering Problem for Chaotic Hamiltonian Systems},
  author={C. Jung and C. Lipp and T.H. Seligman},
  journal={Annals of Physics},
  volume={275},
  year={1999},
  pages={151-189}
}
@book{Ott,
   title =     {Chaos in dynamical systems},
   author =    {Edward Ott},
   publisher = {Cambridge university press},
   isbn =      {0 521 43215 4},
   year =      {1993},
   edition =   {1th}
   }
   

   
@book{gold,
   title =     {Classical mechanics},
   author =    {Herbert Goldstein and Charles P. Poole and John L. Safko},
   publisher = {Addison-Wesley},
   isbn =      {},
   year =      {2000},
   series =    {},
   edition =   {3},
   volume =    {},
   url =       {http://gen.lib.rus.ec/book/index.php?md5=469A759FFE894115B1F726F76ED91BF9}}
   


@book{arnold,
   title =     {Mathematical Methods of Classical Mechanics},
   author =    {Vladimir I. Arnol'd },
   publisher = {Springer-Verlag},
   isbn =      {0-387-96890-3},
   year =      {1992},
   series =    {Analytic Mechanics },
   edition =   {2nd},
   volume =    {1}
} 
@book{arn,
   title =     {Ordinary differential equations},
   author =    {Vladimir I. Arnol'd and Roger Cooke},
   publisher = { Springer-Verlag},
   isbn =      {9780387548135},
   year =      {1991}
}
   
@book{hale,
   title =     {Ordinary Differential Equations  },
   author =    {Jack K. Hale},
   publisher = {Krieger Pub Co},
   isbn =      {0898740118,9780898740110},
   year =      {1980}   
}


@book{ver,
   title =     {Nonlinear Differential Equations and Dynamical Systems},
   author =    {Ferdinand Verhulst},
   publisher = {Springer},
   isbn =      {0387506284,9780387506289},
   year =      {1985}
}

@book{devaney,
   title =     {An Introduction to Chaotic Dynamical Systems},
   author =    {Robert L. Devaney},
   publisher = {Adyson-Wesley},
   isbn =      {0201130467},
   year =      {1989},
   edition =   {2nd}
} 

@book{devaney2,
   title =     {Ecuaciones diferenciales},
   author =    {Paul Banchard and Robert L. Devaney and Glen R. Hall},
   publisher = {Thomson},
   isbn =      {0534345506},
   year =      {1998},
   edition =   {1th}
} 

@book{marion,
   title =     {Classical Dynamics of Particles and Systems},
   author =    {Stephen T. Thornton and Jerry B. Marion},
   publisher = {Thomson},
   isbn =      {0534408966},
   year =      {2004},
   edition =   {5th}
} 
@book{ramon,
   title =     {Introduction to Interval Analysis},
   author =    {Ramon E. More and R.Baker Kearfott and Michael J. Cloud},
   publisher = {SIAM},
   isbn =      {978-0-898716-69-6},
   year =      {2009}
} 
@unpublished{interval,
	title = {Interval Arithmetic(paquete Julia)},
    author={Luis Benet and David P. Sanders},
	url={https://juliaintervals.github.io/IntervalArithmetic.jl/stable/}
}
   
@book{Friedberg,
   title =     {Algebra lineal},
   author =    {Stephen H. Friedberg and A. J. Insel and L.E. Spence},
   publisher = {Publicaciones Cultrales S.A.},
   edition = {1}
} 
@unpublished{Mateo,
	title = {Invariant Manifolds of Dynamical Systems and an application to Space Exploration},
    author={Mateo Wirth},
	url={http://pi.math.cornell.edu/~templier/junior/final_paper/Mateo_Wirth.pdf}
}
@book{book:Calvin,
   title =     {Discrete Hamiltonian Systems: Difference Equations, Continued Fractions, and Riccati Equations},
   author =    {Calvin D. Ahlbrandt and Allan C. Peterson (auth.)},
   publisher = {Springer US},
   isbn =      {978-1-4419-4763-5,978-1-4757-2467-7},
   year =      {1996},
   series =    {Kluwer Texts in the Mathematical Sciences 16},
   edition =   {1},
   volume =    {},
   url =       {http://gen.lib.rus.ec/book/index.php?md5=BFD00DC6BB2A1D129E5F0A6103C6A75D}
}