% ------------------------------------------------------------------------
% SAMPLE BIBLIOGRAPHY FILE
% ------------------------------------------------------------------------

@book{ize,
   title =     {Equivariant degree theory},
   author =    {Jorge Ize, Alfonso Vignoli},
   publisher = {Walter de Gruyter},
   isbn =      {9783110175509,3-11-017550-9}
}
@book{arn,
   title =     {Ordinary differential equations},
   author =    {Vladimir I. Arnol'd, Vladimir I. Arnold, Roger Cooke},
   publisher = {New York :, Springer-Verlag},
   isbn =      {9780387548135,9783540548133,0387548130,3540548130},
   year =      {1992}
}   
@book{hale,
   title =     {Ordinary Differential Equations  },
   author =    {Jack K. Hale},
   publisher = {Krieger Pub Co},
   isbn =      {0898740118,9780898740110},
   year =      {1980}   
}

@book{meyer,
   title =     {Introduction to Hamiltonian Dynamcal Systems and the N-Body Problem  },
   author =    {Kenneth R. Meyer, Glen R. Hall, Dan Offin},
   publisher = {Springer-Verlag New York},
   isbn =      {9780387097237},
   year =      {2009}   
}

@book{ver,
   title =     {Nonlinear Differential Equations and Dynamical Systems},
   author =    {Ferdinand Verhulst},
   publisher = {Springer},
   isbn =      {0387506284,9780387506289},
   year =      {1985}
}

@book{mclach,
   title =     {Theory and Application of Mathieu Functions},
   author =    {N. W. McLachlan},
   publisher = {Oxford},
   isbn =      {},
   year =      {1947}
}
   
@ARTICLE{CNS,
 author={R. Carretero-Gonzalezt, H. N. Níñez-Yepezl, A. L. Salas-Britos},
 title={Regular and chaotic behaviour in 1 an extensible pendulum},
 journal={Eur. J. Phyr},
 volume={15},
 year={1994},
 pages={139-148}
}  

@ARTICLE{poko,
 author={P. Pokorny},
 title={Stability condition for vertical oscillation of 3-dim heavy spring elastic pendulum},
 journal={Regular and Chaotic Dynamics},
 volume={13},
 year={2008},
 pages={155-165}
} 

@ARTICLE{ruby,
 author={Lawrence Ruby},
 title={Applications of the Mathieu equation},
 journal={Am. J. Phys.},
 volume={64},
 year={1996},
 pages={39-44}
} 